<record><leader>00000cas a22000007a 4500</leader><controlfield tag="001">11816741</controlfield><controlfield tag="008">850318d18721879mnuwr ne      0    0eng d</controlfield><datafield ind1=" " ind2=" " tag="010"><subfield code="a">sn 85025618 </subfield></datafield><datafield ind1=" " ind2=" " tag="040"><subfield code="a">NPX</subfield><subfield code="b">eng</subfield><subfield code="c">NPX</subfield><subfield code="d">NPU</subfield><subfield code="d">MN#</subfield><subfield code="d">NYS</subfield><subfield code="d">OCLCQ</subfield><subfield code="d">OCLCF</subfield><subfield code="d">OCLCO</subfield><subfield code="d">OCLCA</subfield></datafield><datafield ind1="1" ind2=" " tag="029"><subfield code="a">AU@</subfield><subfield code="b">000020371322</subfield></datafield><datafield ind1=" " ind2=" " tag="042"><subfield code="a">msc</subfield></datafield><datafield ind1=" " ind2=" " tag="043"><subfield code="a">n-us-mn</subfield></datafield><datafield ind1=" " ind2=" " tag="052"><subfield code="a">4144</subfield><subfield code="b">W76</subfield></datafield><datafield ind1=" " ind2=" " tag="052"><subfield code="a">4143</subfield><subfield code="b">F3</subfield></datafield><datafield ind1="0" ind2=" " tag="130"><subfield code="a">Winnebago City press (Winnebago City, Minn. : 1872)</subfield></datafield><datafield ind1="1" ind2="0" tag="245"><subfield code="a">Winnebago City press.</subfield></datafield><datafield ind1=" " ind2=" " tag="260"><subfield code="a">Winnebago City, Minn. :</subfield><subfield code="b">A.A. Huntington,</subfield><subfield code="c">-1879.</subfield></datafield><datafield ind1=" " ind2=" " tag="300"><subfield code="a">v. ;</subfield><subfield code="c">66 cm.</subfield></datafield><datafield ind1=" " ind2=" " tag="310"><subfield code="a">Weekly</subfield></datafield><datafield ind1="1" ind2=" " tag="362"><subfield code="a">Began in June 1872?</subfield></datafield><datafield ind1="0" ind2=" " tag="362"><subfield code="a">-v. 8, no. 39 (Nov. 18, 1879).</subfield></datafield><datafield ind1=" " ind2=" " tag="530"><subfield code="a">Available on microfilm from the Minnesota Historical Society.</subfield></datafield><datafield ind1=" " ind2=" " tag="588"><subfield code="a">Description based on: Vol. 1, no. 51 (Feb. 13, 1873).</subfield></datafield><datafield ind1=" " ind2="0" tag="651"><subfield code="a">Winnebago (Minn.)</subfield><subfield code="v">Newspapers.</subfield></datafield><datafield ind1=" " ind2="7" tag="655"><subfield code="a">Newspapers.</subfield><subfield code="2">fast</subfield><subfield code="0">(OCoLC)fst01423814</subfield></datafield><datafield ind1=" " ind2="7" tag="651"><subfield code="a">Minnesota</subfield><subfield code="z">Winnebago.</subfield><subfield code="2">fast</subfield><subfield code="0">(OCoLC)fst01223796</subfield></datafield><datafield ind1=" " ind2=" " tag="752"><subfield code="a">United States</subfield><subfield code="b">Minnesota</subfield><subfield code="c">Faribault</subfield><subfield code="d">Winnebago.</subfield></datafield><datafield ind1="0" ind2="0" tag="780"><subfield code="t">Winnebago advertiser</subfield><subfield code="w">(DLC)sn 90057630</subfield></datafield><datafield ind1="0" ind2="4" tag="785"><subfield code="t">Sun (Winnebago City, Minn.)</subfield></datafield></record>